@article{felici2011real,
  title={Real-time control of tokamak plasmas: from control of physics to physics-based control},
  author={Felici, Federico},
  year={2011}
}

@article{citrin2024torax,
  title={TORAX: A fast and differentiable tokamak transport simulator in JAX},
  author={Citrin, Jonathan and Goodfellow, Ian and Raju, Akhil and Chen, Jeremy and Degrave, Jonas and Donner, Craig and Felici, Federico and Hamel, Philippe and Huber, Andrea and Nikulin, Dmitry and others},
  journal={arXiv preprint arXiv:2406.06718},
  year={2024}
}

@article{degrave2022magnetic,
  title={Magnetic control of tokamak plasmas through deep reinforcement learning},
  author={Degrave, Jonas and Felici, Federico and Buchli, Jonas and Neunert, Michael and Tracey, Brendan and Carpanese, Francesco and Ewalds, Timo and Hafner, Roland and Abdolmaleki, Abbas and de Las Casas, Diego and others},
  journal={Nature},
  volume={602},
  number={7897},
  pages={414--419},
  year={2022},
  publisher={Nature Publishing Group UK London}
}
